%% LaTeX2e file `references.bib'
%% generated by the `filecontents' environment
%% from source `main' on 2023/12/15.
%%
@article{example,
 author = {Author, A.},
 title = {Sample Title},
 journal = {Sample Journal},
 year = {2022},
 volume = {1},
 number = {1},
 pages = {1-10},
 doi = {10.12345/example},
 url = {https://example.com}
}
